<collection xmlns="http://www.loc.gov/MARC21/slim"><record><leader>00981nam  2200265   450</leader><controlfield tag="001">587</controlfield><controlfield tag="003">http://montalegre.opacnet.com/OPAC/default.aspx?ContentAreaControl=ShowRegHoldings.ascx&amp;RegNo=16662</controlfield><controlfield tag="005">20</controlfield><datafield tag="010" ind1=" " ind2=" "><subfield code="a">972-656-144-2</subfield></datafield><datafield tag="021" ind1=" " ind2=" "><subfield code="a">PT</subfield><subfield code="b">57213/92</subfield></datafield><datafield tag="100" ind1=" " ind2=" "><subfield code="a">19790901g19799999m  y0pory010305  ba</subfield></datafield><datafield tag="101" ind1="0" ind2=" "><subfield code="a">por</subfield></datafield><datafield tag="102" ind1=" " ind2=" "><subfield code="a">PT</subfield></datafield><datafield tag="200" ind1="1" ind2=" "><subfield code="a">Etnografia transmontana</subfield><subfield code="d">O comunitarismo de barroso</subfield><subfield code="f">António Lourenço Fontes</subfield></datafield><datafield tag="205" ind1=" " ind2=" "><subfield code="a">2ª ed</subfield></datafield><datafield tag="210" ind1=" " ind2=" "><subfield code="a">Lisboa</subfield><subfield code="c">Domingos Barreira</subfield><subfield code="d">1992</subfield></datafield><datafield tag="215" ind1=" " ind2=" "><subfield code="a">226 pág.</subfield><subfield code="c">il.</subfield><subfield code="d">21 cm</subfield></datafield><datafield tag="225" ind1="0" ind2=" "><subfield code="a">Coisas nossas</subfield><subfield code="h">12</subfield><subfield code="v">2</subfield></datafield><datafield tag="320" ind1=" " ind2=" "><subfield code="a">Contém bibliografia</subfield></datafield><datafield tag="327" ind1="0" ind2=" "><subfield code="a">2º v. : O comunitarismo de Barroso. - Lisboa : Domingos Barreira, D.L. 1992. - 226 p. - (Coisas nossas ; 12)</subfield></datafield><datafield tag="607" ind1=" " ind2=" "><subfield code="a">Barroso</subfield></datafield><datafield tag="675" ind1=" " ind2=" "><subfield code="a">39</subfield><subfield code="v">BN</subfield><subfield code="z">por</subfield></datafield><datafield tag="700" ind1=" " ind2="1"><subfield code="a">Fontes</subfield><subfield code="b">António Lourenço</subfield><subfield code="c">Padre</subfield><subfield code="f">1940-</subfield><subfield code="2">Autoridade</subfield><subfield code="3">PT-----------2013022517220005655</subfield></datafield><datafield tag="801" ind1=" " ind2="0"><subfield code="a">PT</subfield><subfield code="b">Biblioteca Municipal de Montalegre</subfield><subfield code="g">RPC</subfield></datafield><datafield tag="856" ind1=" " ind2=" "><subfield code="u">locateMedia.asp?cod=20070302141720&amp;ext=jpg</subfield><subfield code="z">CAPA</subfield></datafield><datafield tag="909" ind1="&#9;" ind2=" "><subfield code="a">1</subfield></datafield><datafield tag="966" ind1=" " ind2=" "><subfield code="a">0015345</subfield><subfield code="d">2</subfield><subfield code="l">BMM</subfield><subfield code="s">SCG 39 FON etn 12 vol.II</subfield></datafield></record></collection>